@ARTICLE{Ziegler:1942,
	AUTHOR = "J.G.~Ziegler, N.B.~Nichols",
	TITLE = "Optimum Settings for Automatic Controllers",
	JOURNAL = "Transactions of the ASME",
	YEAR = 1942,
	VOLUME = 64,
	NUMBER = 1,
	PAGES = "759–-768",
	NOTE = "DOI: " }

@ARTICLE{Cohen:1953,
	AUTHOR = "G.H.~Cohen, G.A.~Coon",
	TITLE = "Theoretical Consideration of Retarded Control",
	JOURNAL = "Transactions of the ASME",
	YEAR = 1953,
	VOLUME = 75,
	NUMBER = 1,
	PAGES = "827--834",
	NOTE = "DOI: " }

@ARTICLE{Strejc:1959,
	AUTHOR = "V.~Strejc",
	TITLE = "Approximation Aperiodisscher Ubertragungscharakteristiken",
	JOURNAL = "Regelungstechnik",
	YEAR = 1959,
	VOLUME = 7,
	NUMBER = 1,
	PAGES = "124--128",
	NOTE = "DOI: " }

@BOOK{Astrom:1995,
	AUTHOR = "Astrom,K.J. and Hagglund T.",
	TITLE = "PID Controllers: Theory, Design, and Tuning, 2nd Edition",
	YEAR = 1995,
	PUBLISHER = "Instrument Society of America",
	ADDRESS = "Triangle Park, NC"}

@INPROCEEDINGS{Schaedel:1997,
	AUTHOR = "H.M.~Schaedel",
	TITLE = "A New Method of Direct PID Controller Design Based on the Principle of Cascaded Damping Ratios",
	BOOKTITLE = "Proceedings of the European Control Conference, ECC 1997, Brussels, Belgium",
	YEAR = 1997,
	PAGES = "1265--1271" }

@BOOK{Haber:1999,
	AUTHOR = "R.~Haber, L.~Keviczky",
	TITLE = "Nonlinear System Identification : Input-output Modeling Approach",
	YEAR = 1999,
	PUBLISHER = "Kluwer Academic Publishers",
	ADDRESS = "Boston"}

@INPROCEEDINGS{Viteckova:2000a,
	AUTHOR = "M.~Viteckova, A.~Vitecek, L.~ Smutny",
	TITLE = "Controller Tuning for Controlled Plants with Time Delay",
	BOOKTITLE = "Preprints of Proceedings of PID ’00: IFAC Workshop on Digital Control, Terrassa, Spain",
	YEAR = 2000,
	PAGES = "283--288" }

@INPROCEEDINGS{Viteckova:2000b,
	AUTHOR = " M.~Viteckova, A.~Vitecek, L.~ Smutny",
	TITLE = "Simple PI and PID Controllers Tuning for Monotone Self-regulating Plants",
	BOOKTITLE = "Preprints of Proceedings of PID ’00: IFAC Workshop on digital control, Terrassa, Spain",
	YEAR = 2000,
	PAGES = "289--294" }

@BOOK{Janiszowski:2002,
	AUTHOR = "K.~Janiszowski",
	TITLE = "Identification of Parametric Models in Examples (in polish)",
	YEAR = 2002,
	PUBLISHER = "Exit",
	ADDRESS = "Warsaw, Poland"}

@BOOK{Yang:2002,
	AUTHOR = "J.B.~Yang, J.F.~Whildborne, G.P.~Liu",
	TITLE = "Multiobjective Optimization and Control",
	YEAR = 2002,
	PUBLISHER = "Research Studies Press LTD",
	ADDRESS = ""}

@ARTICLE{Alfaro:2005,
	AUTHOR = "V. M.~Alfaro Ruiz",
	TITLE = "Estimaci\'{o}n del Desempe{\~n}o IAE \'{O}ptimo de los Reguladores y Servomechanismos PID",
	JOURNAL = "Ingenier\'{i}a",
	YEAR = 2005,
	VOLUME = 15,
	NUMBER = 1,
	PAGES = "79--90",
	NOTE = "DOI: " }

@ARTICLE{
	JOURNAL = "Ingenier\'{i}a",
	YEAR = 2005,
	VOLUME = 15,
	NUMBER = 1,
	PAGES = "79--90",
	NOTE = "DOI: " }


@INPROCEEDINGS{Odwyer:2006,
	AUTHOR = "A.~O'Dwyer",
	TITLE = "PI and PID Controller Tuning Rules: an Overview and Personal Perspective",
	BOOKTITLE = "Proceedings of Irish Signals and Systems Conference",
	YEAR = 2006,
	PAGES = "161--166" }

@BOOK{Yu:2006,
	AUTHOR = "C.C.~Yu",
	TITLE = "Autotuning of PID Controllers:	A Relay Feedback Approach",
	YEAR = 2006,
	PUBLISHER = "Springer",
	ADDRESS = "London"}

@INPROCEEDINGS{Rapson:2007,
	AUTHOR = "M.~Rapson",
	TITLE = "Pareto Analysis of Controller Design Methodologies for Intergrator plus Dead Time Processes",
	BOOKTITLE = "Proceedings of The International Conference on Computer as a Tool: EUROCON 2007",
	YEAR = 2007,
	PAGES = "2607-2612" }

@BOOK{Odwyer:2009,
	AUTHOR = "A.~O'Dwyer",
	TITLE = "Handbook of PI and PID Controller Tuning Rules",
	YEAR = 2009,
	PUBLISHER = "Imperial College Press",
	ADDRESS = "London"}

@BOOK{Bishop:2010,
	AUTHOR = "R.H.~Bishop, R.C.~Dorf",
	TITLE = "Modern Control Systems (12th ed)",
	YEAR = 2010,
	PUBLISHER = "Prentice Hall",
	ADDRESS = ""}

@BOOK{Holejko:2012,
	AUTHOR = "D.~Holejko, W.J.~Koscielny",
	TITLE = "Automation of Continuous Processes (in polish)",
	YEAR = 2012,
	PUBLISHER = "OWPW",
	ADDRESS = "Warsaw"}

@BOOK{Trybus:2011,
	AUTHOR = "P.~Tatjewski, L.~Trybus, M.~Lawrynczuk , P.~Marusak, Z.~Swider, A.~Stec",
	TITLE = "Supervisory Control and Optimization, Modeling, Diagnostics and Process Control. Implementation in the DiaSter System",
	YEAR = 2011,
	PUBLISHER = "Springer",
	ADDRESS = "London"}

@INPROCEEDINGS{Mozaryn:2013,
	AUTHOR = J.~Mozaryn, K.~Malinowski",
	TITLE = "Tuning Rules Selection and Iterative Modification of PID Control System Parameters",
	BOOKTITLE = "Proceedings of Mechatronics 2013 Conference, Brno, Czech Republic",
	YEAR = 2013,
	PAGES = "677--684" }

@MISC{Siemens:2013,
	AUTHOR = "Siemens",
	TITLE = "TIA Portal V13 – User Guide",
	YEAR = 2013,
	PUBLISHER = "Siemens",
    ADDRESS = "Germany"}

@MISC{Siemens:2014a,
	AUTHOR = "Siemens",
	TITLE = "S7-1500 Automation System Manual",
	YEAR = 2014,
	PUBLISHER = "Siemens",
	ADDRESS = "Germany"}

@MISC{Siemens:2014b,
	AUTHOR = "Siemens",
	TITLE = "Products for Totally Integrated Automation",
	YEAR = 2014,
	PUBLISHER = "Siemens",
	ADDRESS = "Germany"}

@MISC{Siemens:2014b,
	AUTHOR = "Siemens",
	TITLE = "Programming Guideline for S7-1200/S7-1500",
	YEAR = 2014,
	PUBLISHER = "Siemens",
	ADDRESS = "Germany"}

@PHDTHESIS{Kolaj:2015,
	AUTHOR = "W.~Kolaj",
	TITLE = "Design and Implementation of Application Supporting the Tuning of PID Controller in Simatic S7 Devices",
	SCHOOL= "Warsaw University of Technology",
	ADDRESS= "Warsaw",
	YEAR = 2015}

